@article{liao2005clustering,
  title={Clustering of time series dataâ€”a survey},
  author={Liao, T Warren},
  journal={Pattern recognition},
  volume={38},
  number={11},
  pages={1857--1874},
  year={2005},
  publisher={Elsevier}
}

@article{fu2011review,
  title={A review on time series data mining},
  author={Fu, Tak-chung},
  journal={Engineering Applications of Artificial Intelligence},
  volume={24},
  number={1},
  pages={164--181},
  year={2011},
  publisher={Elsevier}
}
 
@inproceedings{struzik1999haar,
  title={The Haar wavelet transform in the time series similarity paradigm},
  author={Struzik, Zbigniew R and Siebes, Arno},
  booktitle={European Conference on Principles of Data Mining and Knowledge Discovery},
  pages={12--22},
  year={1999},
  organization={Springer}
}

@article{galeano2000multivariate,
  title={Multivariate analysis in vector time series},
  author={Galeano, Pedro and Pe{\~n}a, Daniel Pella},
  journal={Resenhas do Instituto de Matem{\'a}tica e Estat{\'\i}stica da Universidade de S{\~a}o Paulo},
  volume={4},
  number={4},
  pages={383--403},
  year={2000}
}

@article{caiado2006periodogram,
  title={A periodogram-based metric for time series classification},
  author={Caiado, Jorge and Crato, Nuno and Pe{\~n}a, Daniel},
  journal={Computational Statistics \& Data Analysis},
  volume={50},
  number={10},
  pages={2668--2684},
  year={2006},
  publisher={Elsevier}
}

@article{chouakria2007adaptive,
  title={Adaptive dissimilarity index for measuring time series proximity},
  author={Chouakria, Ahlame Douzal and Nagabhushan, Panduranga Naidu},
  journal={Advances in Data Analysis and Classification},
  volume={1},
  number={1},
  pages={5--21},
  year={2007},
  publisher={Springer}
}

