%%%%%%%%%%%%%%%%%%%%%%%
@BOOK{Chung1990,
  title = {{Introduction to Stochastic Integrtion}},
  publisher = {Birkhäuser},
  year = {1990},
  author = {Chung, K. and Williams, R.},
  address = {New York}
}
%%%%%%%%%%%%%%%%%%%%%%%
@Book{Chaos1996,
  title =	 {CHAOS: An Introduction to Dynamical Systems},
  publisher = {Springer-Verlag New York},
  year = 	 {1996},
  author =	 {Alligood, K. and Sauer, T. and Yorke, J.},
  address = {New York}
}
%%%%%%%%%%%%%%%%%%%%%%%
@Book{Lakshmanan2003,
  title =	 {Nonlinear Dynamics},
  publisher = {Springer-Verlag Berlin Heidelberg},
  year = 	 {2003},
  author =	 {Lakshmanan, M. and Rajasekar, S.},
  address = {Berlin}
}
%%%%%%%%%%%%%%%%%%%%%%%
@Book{Wagg2010,
  title =	 {Nonlinear Vibration with Control},
  publisher = {Springer},
  year = 	 {2010},
  author =	 {Wagg, D. and Neild, S.},
  address = {Bristol}
}
%%%%%%%%%%%%%%%%%%%%%%%
@BOOK{Klebaner2005,
  title = {{Introduction to Stochastic Calculus with Applications}},
  publisher = {Imperial College Press},
  year = {2005},
  author = {Klebaner, F.},
  address = {Londres}
}
%%%%%%%%%%%%%%%%%%%%%%%
@BOOK{Kloeden1992,
  title = {{Numerical Solution to Stochastic Differential Equations}},
  publisher = {Springer-Verlag},
  year = {1992},
  author = {Kloeden, P. and Platen, E.},
  address = {Berlin}
}
%%%%%%%%%%%%%%%%%%%%%%%
@BOOK{Lemons2002,
  title = {{An Introduction to Stochastic Processes in Physics}},
  publisher = {The Johns Hopkins University Press},
  year = {2002},
  author = {Lemons, D.},
  address = {Baltimore}
}
%%%%%%%%%%%%%%%%%%%%%%%
@BOOK{Mircea2002,
  title = {{Stochastic Calculus: Applications in Science and Engineering}},
  publisher = {Birkhäuser},
  year = {2002},
  author = {Mircea, G.},
  address = {Boston}
}
%%%%%%%%%%%%%%%%%%%%%%%
@BOOK{Moters2000,
  title = {{Brownian Motion}},
  publisher = {Cambridge University Press},
  year = {2008},
  author = {Möters, P. and Peres, Y.},
  address = {}
}
%%%%%%%%%%%%%%%%%%%%%%%
@BOOK{Nelson2001,
  title = {{Dynamical Theories of Brownian Motion}},
  publisher = {Pricenton University Press},
  year = {2001},
  author = {Nelson, E.},
  address = {U.S.A.}
}
%%%%%%%%%%%%%%%%%%%%%%%
@BOOK{Nualart2000,
  title = {{Cálculo Estocástico}},
  publisher = {Technical report},
  year = {},
  author = {Nualart, D.},
  address = {Universidad de Barcelona}
  webpage = {http://webs.um.es/joseori/documentos/docencia/ce1.pdf},
  lastaccess = {Junio, 20016},
}
%%%%%%%%%%%%%%%%%%%%%%%
@BOOK{Protter2004,
  title = {{Stochastic Integrtion and Differential Equations}},
  publisher = {Springer-Verlag},
  year = {2004},
  author = {Protter, P.},
  address = {Berlin}
}
%%%%%%%%%%%%%%%%%%%%%%%
@BOOK{Rincon2012,
  title = {{Introducción a los Procesos Estocásticos}},
  publisher = {Technical report, Facultad de Ciencias UNAM},
  year = {2012},
  author = {Rincón, L.},
  address = {México DF}
  webpage = {http://lya.fciencias.unam.mx/lars/Publicaciones/procesos2012.pdf},
  lastaccess = {Junio, 2016},
}
%%%%%%%%%%%%%%%%%%%%%%%
@BOOK{Ross2013,
  title = {{Simulation}},
  publisher = {Academic Press},
  year = {2013},
  author = {Ross, S.},
  address = {University of Southern California}
}
%%%%%%%%%%%%%%%%%%%%%%%
@BOOK{Rubstein1981,
  title = {{Simulation and the Monte Carlo method}},
  publisher = {John Wiley and Sons, Inc.},
  year = {1981},
  author = {Rubstein, R.},
  address = {}
}
%%%%%%%%%%%%%%%%%%%%%%%
@BOOK{Suarez2012,
  title = {{Interaprendizaje de Estadística Básica}},
  publisher = {Universidad Técnica del Norte},
  year = {2012},
  author = {Suárez, M. and Tapia, F.},
  address = {Ibarra}
}
%%%%%%%%%%%%%%%%%%%%%%%
@BOOK{Steele2001,
  title = {{Stochastic Calculus and Financial Aplications}},
  publisher = {Springer},
  year = {2001},
  author = {Steele, J.},
  address = {New York}
}
%%%%%%%%%%%%%%%%%%%%%%%
@Book{OU2008,
  title =	 {The Ornstein-Uhlenbeck process as a model of a low-pass filtered white noise},
  publisher = {},
  year = {2008},
  author = {Bibbona, E. and Panfilo, G. and Tavella, P.},
  address = {U.S.A.}
}
